
    <marc:record>
        <marc:leader>08157cjm a2200985 a 4500</marc:leader>
        <marc:controlfield tag="001">21089738</marc:controlfield>
        <marc:controlfield tag="005">20190722103502.0</marc:controlfield>
        <marc:controlfield tag="007">sd fsngnnmmned</marc:controlfield>
        <marc:controlfield tag="007">vd cvaizk</marc:controlfield>
        <marc:controlfield tag="008">190717r201619uuxx mun|  ehi      | ger d</marc:controlfield>
        <marc:datafield tag="906" ind1=" " ind2=" ">
            <marc:subfield code="a">7</marc:subfield>
            <marc:subfield code="b">cbc</marc:subfield>
            <marc:subfield code="c">copycat</marc:subfield>
            <marc:subfield code="d">2</marc:subfield>
            <marc:subfield code="e">ncip</marc:subfield>
            <marc:subfield code="f">20</marc:subfield>
            <marc:subfield code="g">y-soundrec</marc:subfield>
        </marc:datafield>
        <marc:datafield tag="925" ind1="0" ind2=" ">
            <marc:subfield code="a">acquire</marc:subfield>
            <marc:subfield code="b">2 shelf copies</marc:subfield>
            <marc:subfield code="x">policy default</marc:subfield>
        </marc:datafield>
        <marc:datafield tag="955" ind1=" " ind2=" ">
            <marc:subfield code="a">qr27 2019-07-17 z-client</marc:subfield>
            <marc:subfield code="i">qr27 2019-07-17</marc:subfield>
        </marc:datafield>
        <marc:datafield tag="010" ind1=" " ind2=" ">
            <marc:subfield code="a">  2019623952</marc:subfield>
        </marc:datafield>
        <marc:datafield tag="024" ind1="1" ind2=" ">
            <marc:subfield code="a">888751737525</marc:subfield>
        </marc:datafield>
        <marc:datafield tag="028" ind1="0" ind2="2">
            <marc:subfield code="a">88875173752</marc:subfield>
            <marc:subfield code="b">Sony Classical</marc:subfield>
        </marc:datafield>
        <marc:datafield tag="035" ind1=" " ind2=" ">
            <marc:subfield code="a">(OCoLC)ocn957512402</marc:subfield>
        </marc:datafield>
        <marc:datafield tag="040" ind1=" " ind2=" ">
            <marc:subfield code="a">BTCTA</marc:subfield>
            <marc:subfield code="b">eng</marc:subfield>
            <marc:subfield code="c">BTCTA</marc:subfield>
            <marc:subfield code="d">ZYU</marc:subfield>
            <marc:subfield code="d">OCLCF</marc:subfield>
            <marc:subfield code="d">OCLCQ</marc:subfield>
            <marc:subfield code="d">OCLCO</marc:subfield>
            <marc:subfield code="d">DLC</marc:subfield>
        </marc:datafield>
        <marc:datafield tag="041" ind1="0" ind2=" ">
            <marc:subfield code="a">eng</marc:subfield>
            <marc:subfield code="a">ger</marc:subfield>
            <marc:subfield code="d">ger</marc:subfield>
            <marc:subfield code="d">eng</marc:subfield>
            <marc:subfield code="d">ita</marc:subfield>
            <marc:subfield code="d">lat</marc:subfield>
            <marc:subfield code="e">eng</marc:subfield>
            <marc:subfield code="e">ger</marc:subfield>
            <marc:subfield code="e">ita</marc:subfield>
            <marc:subfield code="e">lat</marc:subfield>
            <marc:subfield code="n">eng</marc:subfield>
            <marc:subfield code="n">ger</marc:subfield>
            <marc:subfield code="n">ita</marc:subfield>
            <marc:subfield code="n">lat</marc:subfield>
            <marc:subfield code="g">eng</marc:subfield>
            <marc:subfield code="g">fre</marc:subfield>
            <marc:subfield code="g">ger</marc:subfield>
            <marc:subfield code="j">eng</marc:subfield>
            <marc:subfield code="j">fre</marc:subfield>
            <marc:subfield code="j">ger</marc:subfield>
            <marc:subfield code="j">jpn</marc:subfield>
        </marc:datafield>
        <marc:datafield tag="042" ind1=" " ind2=" ">
            <marc:subfield code="a">lccopycat</marc:subfield>
        </marc:datafield>
        <marc:datafield tag="050" ind1="0" ind2="0">
            <marc:subfield code="a">RZC 6622</marc:subfield>
        </marc:datafield>
        <marc:datafield tag="100" ind1="1" ind2=" ">
            <marc:subfield code="a">Harnoncourt, Nikolaus.</marc:subfield>
            <marc:subfield code="4">cnd</marc:subfield>
            <marc:subfield code="4">spk</marc:subfield>
        </marc:datafield>
        <marc:datafield tag="245" ind1="1" ind2="0">
            <marc:subfield code="a">Harnoncourt :</marc:subfield>
            <marc:subfield code="b">the complete Sony recordings.</marc:subfield>
        </marc:datafield>
        <marc:datafield tag="246" ind1="3" ind2="0">
            <marc:subfield code="a">Complete Sony recordings</marc:subfield>
        </marc:datafield>
        <marc:datafield tag="260" ind1=" " ind2=" ">
            <marc:subfield code="a">[Place of publication not identified] :</marc:subfield>
            <marc:subfield code="b">Sony Classical,</marc:subfield>
            <marc:subfield code="c">℗2016.</marc:subfield>
        </marc:datafield>
        <marc:datafield tag="300" ind1=" " ind2=" ">
            <marc:subfield code="a">61 audio discs :</marc:subfield>
            <marc:subfield code="b">digital ;</marc:subfield>
            <marc:subfield code="c">4 3/4 in. +</marc:subfield>
            <marc:subfield code="e">3 videodiscs (digital ; 4 3/4 in.) + 1 CD-ROM (4 3/4 in.) + 1 book (129 pages : illustrations ; 29 cm)</marc:subfield>
        </marc:datafield>
        <marc:datafield tag="336" ind1=" " ind2=" ">
            <marc:subfield code="3">audio disc</marc:subfield>
            <marc:subfield code="a">performed music</marc:subfield>
            <marc:subfield code="b">prm</marc:subfield>
            <marc:subfield code="2">rdacontent</marc:subfield>
        </marc:datafield>
        <marc:datafield tag="336" ind1=" " ind2=" ">
            <marc:subfield code="3">video disc</marc:subfield>
            <marc:subfield code="a">two-dimensional moving image</marc:subfield>
            <marc:subfield code="b">tdm</marc:subfield>
            <marc:subfield code="2">rdacontent</marc:subfield>
        </marc:datafield>
        <marc:datafield tag="336" ind1=" " ind2=" ">
            <marc:subfield code="3">volume</marc:subfield>
            <marc:subfield code="a">text</marc:subfield>
            <marc:subfield code="b">txt</marc:subfield>
            <marc:subfield code="2">rdacontent</marc:subfield>
        </marc:datafield>
        <marc:datafield tag="336" ind1=" " ind2=" ">
            <marc:subfield code="3">CD-ROM</marc:subfield>
            <marc:subfield code="a">text</marc:subfield>
            <marc:subfield code="b">txt</marc:subfield>
            <marc:subfield code="2">rdacontent</marc:subfield>
        </marc:datafield>
        <marc:datafield tag="337" ind1=" " ind2=" ">
            <marc:subfield code="3">audio disc</marc:subfield>
            <marc:subfield code="a">audio</marc:subfield>
            <marc:subfield code="b">s</marc:subfield>
            <marc:subfield code="2">rdamedia</marc:subfield>
        </marc:datafield>
        <marc:datafield tag="337" ind1=" " ind2=" ">
            <marc:subfield code="3">video disc</marc:subfield>
            <marc:subfield code="a">video</marc:subfield>
            <marc:subfield code="b">v</marc:subfield>
            <marc:subfield code="2">rdamedia</marc:subfield>
        </marc:datafield>
        <marc:datafield tag="337" ind1=" " ind2=" ">
            <marc:subfield code="3">volume</marc:subfield>
            <marc:subfield code="a">unmediated</marc:subfield>
            <marc:subfield code="b">n</marc:subfield>
            <marc:subfield code="2">rdamedia</marc:subfield>
        </marc:datafield>
        <marc:datafield tag="337" ind1=" " ind2=" ">
            <marc:subfield code="3">CD-ROM</marc:subfield>
            <marc:subfield code="a">computer</marc:subfield>
            <marc:subfield code="b">c</marc:subfield>
            <marc:subfield code="2">rdamedia</marc:subfield>
        </marc:datafield>
        <marc:datafield tag="338" ind1=" " ind2=" ">
            <marc:subfield code="3">audio disc</marc:subfield>
            <marc:subfield code="a">audio disc</marc:subfield>
            <marc:subfield code="b">sd</marc:subfield>
            <marc:subfield code="2">rdacarrier</marc:subfield>
        </marc:datafield>
        <marc:datafield tag="338" ind1=" " ind2=" ">
            <marc:subfield code="3">video disc</marc:subfield>
            <marc:subfield code="a">video disc</marc:subfield>
            <marc:subfield code="b">vd</marc:subfield>
            <marc:subfield code="2">rdacarrier</marc:subfield>
        </marc:datafield>
        <marc:datafield tag="338" ind1=" " ind2=" ">
            <marc:subfield code="3">volume</marc:subfield>
            <marc:subfield code="a">volume</marc:subfield>
            <marc:subfield code="b">nc</marc:subfield>
            <marc:subfield code="2">rdacarrier</marc:subfield>
        </marc:datafield>
        <marc:datafield tag="338" ind1=" " ind2=" ">
            <marc:subfield code="3">CD-ROM</marc:subfield>
            <marc:subfield code="a">computer disc</marc:subfield>
            <marc:subfield code="b">cd</marc:subfield>
            <marc:subfield code="2">rdacarrier</marc:subfield>
        </marc:datafield>
        <marc:datafield tag="344" ind1=" " ind2=" ">
            <marc:subfield code="3">audio disc</marc:subfield>
            <marc:subfield code="a">digital</marc:subfield>
            <marc:subfield code="2">rdatr</marc:subfield>
        </marc:datafield>
        <marc:datafield tag="344" ind1=" " ind2=" ">
            <marc:subfield code="3">audio disc</marc:subfield>
            <marc:subfield code="b">optical</marc:subfield>
            <marc:subfield code="2">rdarm</marc:subfield>
        </marc:datafield>
        <marc:datafield tag="344" ind1=" " ind2=" ">
            <marc:subfield code="3">audio disc</marc:subfield>
            <marc:subfield code="c">1.4 m/s</marc:subfield>
        </marc:datafield>
        <marc:datafield tag="344" ind1=" " ind2=" ">
            <marc:subfield code="3">audio disc</marc:subfield>
            <marc:subfield code="g">stereo</marc:subfield>
            <marc:subfield code="2">rdacpc</marc:subfield>
        </marc:datafield>
        <marc:datafield tag="346" ind1=" " ind2=" ">
            <marc:subfield code="3">video disc</marc:subfield>
            <marc:subfield code="b">NTSC</marc:subfield>
            <marc:subfield code="2">rdabs</marc:subfield>
        </marc:datafield>
        <marc:datafield tag="347" ind1=" " ind2=" ">
            <marc:subfield code="3">audio disc</marc:subfield>
            <marc:subfield code="a">audio file</marc:subfield>
            <marc:subfield code="2">rdaft</marc:subfield>
        </marc:datafield>
        <marc:datafield tag="347" ind1=" " ind2=" ">
            <marc:subfield code="3">video disc</marc:subfield>
            <marc:subfield code="a">video file</marc:subfield>
            <marc:subfield code="2">rdaft</marc:subfield>
        </marc:datafield>
        <marc:datafield tag="347" ind1=" " ind2=" ">
            <marc:subfield code="3">CD-ROM:</marc:subfield>
            <marc:subfield code="a">text file</marc:subfield>
            <marc:subfield code="2">rdaft</marc:subfield>
        </marc:datafield>
        <marc:datafield tag="347" ind1=" " ind2=" ">
            <marc:subfield code="3">audio disc</marc:subfield>
            <marc:subfield code="b">CD audio</marc:subfield>
        </marc:datafield>
        <marc:datafield tag="347" ind1=" " ind2=" ">
            <marc:subfield code="3">video disc</marc:subfield>
            <marc:subfield code="b">DVD video</marc:subfield>
        </marc:datafield>
        <marc:datafield tag="347" ind1=" " ind2=" ">
            <marc:subfield code="3">CD-ROM</marc:subfield>
            <marc:subfield code="b">PDF</marc:subfield>
        </marc:datafield>
        <marc:datafield tag="347" ind1=" " ind2=" ">
            <marc:subfield code="3">video disc</marc:subfield>
            <marc:subfield code="e">all regions</marc:subfield>
            <marc:subfield code="2">rdare</marc:subfield>
        </marc:datafield>
        <marc:datafield tag="500" ind1=" " ind2=" ">
            <marc:subfield code="a">Title from container.</marc:subfield>
        </marc:datafield>
        <marc:datafield tag="546" ind1=" " ind2=" ">
            <marc:subfield code="a">Vocal selections sung variously in German, English, Italian, Latin.</marc:subfield>
        </marc:datafield>
        <marc:datafield tag="511" ind1="0" ind2=" ">
            <marc:subfield code="a">Various orchestras, choruses, and ensembles ; Nikolaus Harnoncourt, conductor.</marc:subfield>
        </marc:datafield>
        <marc:datafield tag="500" ind1=" " ind2=" ">
            <marc:subfield code="a">Principally consists of previously released material; CDs 1. 38, 52-53 previously unreleased.</marc:subfield>
        </marc:datafield>
        <marc:datafield tag="500" ind1=" " ind2=" ">
            <marc:subfield code="a">DVD 2: &quot;A BFMI and ZDF/ARTE Co-production in association with Deutsche Welle and Sony Music&quot;--Container.</marc:subfield>
        </marc:datafield>
        <marc:datafield tag="500" ind1=" " ind2=" ">
            <marc:subfield code="a">DVD 3: &quot;A production of ORF, Arte and UNITEL in cooperation with Salzburg Festival and Classica&quot;--Container.</marc:subfield>
        </marc:datafield>
        <marc:datafield tag="500" ind1=" " ind2=" ">
            <marc:subfield code="a">Issued in box.</marc:subfield>
        </marc:datafield>
        <marc:datafield tag="500" ind1=" " ind2=" ">
            <marc:subfield code="a">Biographical notes in English, German, and French, and discographical details of original recordings and releases (129 p.) in book.</marc:subfield>
        </marc:datafield>
        <marc:datafield tag="500" ind1=" " ind2=" ">
            <marc:subfield code="a">CD-ROM includes PDF files of complete sung texts, with English translations.</marc:subfield>
        </marc:datafield>
        <marc:datafield tag="538" ind1=" " ind2=" ">
            <marc:subfield code="a">DVD: &quot;Picture format 16:9; region code: 0 (worldwide), DVD-5 NTSC, sound formats: LCPM stereo &amp; DTS 5.1; languages: English and German; subtitles: English, French, German, Japanese; menus: English; this all regions NTSC is designed for worldwide playback&quot;--DVD 3 container.</marc:subfield>
        </marc:datafield>
        <marc:datafield tag="538" ind1=" " ind2=" ">
            <marc:subfield code="a">CD-ROM: &quot;To read PDF files, you need to have Adobe Acrobat Reader installed on your computer&quot;--Container.</marc:subfield>
        </marc:datafield>
        <marc:datafield tag="505" ind1="0" ind2=" ">
            <marc:subfield code="a">CD 1. Cantatas BWV 36 &amp; 26 / Bach (Arnold Schoenberg Chor ; Concentus Musicus Wien) -- CD 2. Cantatas BWV 140, 61 &amp; 29 / Bach (Arnold Schoenberg Chor ; Concentus Musicus Wien) -- CDs 3/4. Weihnachtsoratorium = Christmas oratorio / Bach (Schäfer, Fink, Güra, Finley, Gehaher ; Arnold Schoenberg Chor ; Concentus Musicus Wien) -- CDs 5/6. Timotheus oder Die Gewalt der Musik : Alexander's feast / Handel ; Mozart (Invernizzi, Güra, Finley ; Concentus Musicus Wien) -- CDs 7/8. Messiah / Handel (Schäfer, Larsson, Schade, Finley ; Arnold Schoenerg Chor ; Concentus Musicus Wien) -- CDs 9/10. Orlando Paladino / Haydn (Petibon, Gerhaher, Schade, Güra, Kalpers, Hartelius, Schäfer, Von Magnus, Boesch ; Concentus Musicus Wien) -- CDs 11-13. The Paris symphonies : Symphonies nos. 82-87 / Haydn (Concentus Musicus Wien) -- CDs 14/15. Die Schöpfung = The creation / Haydn (Röschmann, Schade, Gerhaher ; Arnold Schoenberg Chor ; Concentus Musicus Wien) -- CDs 16/17. Die Jahreszeiten = The seasons / Haydn (Kühmeier, Güra, Gerhaher ; Arnold Schoenberg Chor ; Concentus Musicus Wien) -- CDs 18/19. Early symphonies. Vol. 1 / Mozart (Concentus Musicus Wien)-- CDs 20/21. Early symphonies. Vol. 2 / Mozart (Concentus Musicus Wien) -- CDs 22-24. Early symphonies. Vol. 3 / Mozart (Concentus Musicus Wien) -- CDs 25-27. Early symphonies : music &amp; letters. Vol. 1 / Mozart (Concentus Musicus Wien) -- CDs 28/29. Early symphonies : music &amp; letters. Vol. 2 / Mozart (Concentus Musicus Wien) --</marc:subfield>
        </marc:datafield>
        <marc:datafield tag="505" ind1="8" ind2=" ">
            <marc:subfield code="a">CDs 30/31. Zaide / Mozart (Damrau, Schade, Moretti, Schasching, Boesch, Scharinger ; Concentus Musicus Wien) -- CD 32. Posthorn-serenade &amp; Symphony no. 35 &quot;Haffner&quot; / Mozart (Concentus Musicus Wien) -- CD 33. Piano concertos nos. 25 &amp; 23 / Mozart (Rudolph Buchbinder ; Concentus Musicus Wien) -- CD 34. The Mozart album : Piano concertos nos. 24 &amp; 17 / Mozart (Lang Lang ; Wiener Philharmoniker) -- CDs 35/36. The last symphonies : Mozart's instrumental oratorium / [Mozart] (Concentus Musicus Wien) -- CD 37. Requiem / Mozart (Schäfer, Fink, Streit, Finley ; Arnold Schoenberg Chor ; Concentus Musicus Wien) -- CD 38. Christus am Ölberge / Beethoven (Aikin, Lippert, Boesch ; Arnold Schoenberg Chor ; Concentus Musicus Wien) -- CD 39. Symphonies nos. 4 &amp; 5 / Beethoven (Concentus Musicus Wien) -- CD 40. Missa solemnis / Beethoven (Aikin, Fink, Chum, Drole ; Arnold Schoenberg Chor ; Concentus Musicus Wien) -- CDs 41/42. Das Paradies und die Peri / Schumann (Röschmann, Strehl, Fink, Gerhaher ; Chor &amp; Symphonieorchester des Bayerischen Rundfunks) -- CDs 43/44. Messa da Requiem / Verdi (Mei, Fink, Schade, D'Arcangelo ; Arnold Schoenberg Chor ; Wiener Philharmoniker) -- CDs 45/46. Symphony no. 5 / Bruckner ; plus, Rehearsal excerpts (Wiener Philharmoniker) -- CDs 47/48. Symphony no. 9 / Bruckner ; plus, a workshop concert (Wiener Philharmoniker) -- CDs 49/50. Má vlast / Smetana (Wiener Philharmoniker) -- CD 51. Ein deutsches Requiem / Brahms (Kühmeier, Hampson ; Arnold Schoenberg Chor ; Wiener Philharmoniker) -- CDs 52/53. Stabat Mater / Dvořák (Orgonášová, Remmert, Beczala, Hawlata ; Chor &amp; Symphonieorchester des Bayerischen Rundfunks) -- CD 54. Music for strings, percussion and celesta ; Divertimento for string orchestra / Bartók (Chamber Orchestra of Europe) -- CDs 55-57. Porgy and Bess / Gershwin (Lemalu, Kabatu, Nwobilo, Forest ; Arnold Schoenberg Chor ; Chamber Orchestra of Europe) -- CDs 58/59. New Year's concert 2003 (Wiener Philharmoniker) -- CDs 60/61. Walzer revolution (Concentus Musicus Wien) --</marc:subfield>
        </marc:datafield>
        <marc:datafield tag="505" ind1="8" ind2=" ">
            <marc:subfield code="a">DVDs 1/2. Die Zauberflöte / Mozart (Zeppenfeld, Fredrich, Richter, Kleiter, Werba, Koznertvereinigung Wiener Staatsopernchor ; Concentus Musicus Wien) -- DVD 3. Mission Mozart : [a documentary about making music (Lang Lang ; Wiener Philharmoniker).</marc:subfield>
        </marc:datafield>
        <marc:datafield tag="600" ind1="1" ind2="0">
            <marc:subfield code="a">Harnoncourt, Nikolaus.</marc:subfield>
        </marc:datafield>
        <marc:datafield tag="650" ind1=" " ind2="0">
            <marc:subfield code="a">Vocal music.</marc:subfield>
        </marc:datafield>
        <marc:datafield tag="650" ind1=" " ind2="0">
            <marc:subfield code="a">Cantatas, Sacred.</marc:subfield>
        </marc:datafield>
        <marc:datafield tag="650" ind1=" " ind2="0">
            <marc:subfield code="a">Oratorios.</marc:subfield>
        </marc:datafield>
        <marc:datafield tag="650" ind1=" " ind2="0">
            <marc:subfield code="a">Operas.</marc:subfield>
        </marc:datafield>
        <marc:datafield tag="650" ind1=" " ind2="0">
            <marc:subfield code="a">Symphonies.</marc:subfield>
        </marc:datafield>
        <marc:datafield tag="650" ind1=" " ind2="0">
            <marc:subfield code="a">Orchestral music.</marc:subfield>
        </marc:datafield>
        <marc:datafield tag="650" ind1=" " ind2="0">
            <marc:subfield code="a">Concertos (Piano)</marc:subfield>
        </marc:datafield>
        <marc:datafield tag="650" ind1=" " ind2="0">
            <marc:subfield code="a">Requiems.</marc:subfield>
        </marc:datafield>
        <marc:datafield tag="650" ind1=" " ind2="0">
            <marc:subfield code="a">Masses.</marc:subfield>
        </marc:datafield>
        <marc:datafield tag="650" ind1=" " ind2="0">
            <marc:subfield code="a">Stabat Mater dolorosa (Music)</marc:subfield>
        </marc:datafield>
        <marc:datafield tag="650" ind1=" " ind2="0">
            <marc:subfield code="a">Choruses, Sacred (Mixed voices) with orchestra.</marc:subfield>
        </marc:datafield>
        <marc:datafield tag="650" ind1=" " ind2="0">
            <marc:subfield code="a">String orchestra music.</marc:subfield>
        </marc:datafield>
        <marc:datafield tag="650" ind1=" " ind2="0">
            <marc:subfield code="a">Waltzes.</marc:subfield>
        </marc:datafield>
        <marc:datafield tag="600" ind1="1" ind2="7">
            <marc:subfield code="a">Harnoncourt, Nikolaus.</marc:subfield>
            <marc:subfield code="2">fast</marc:subfield>
            <marc:subfield code="0">(OCoLC)fst00076606</marc:subfield>
        </marc:datafield>
        <marc:datafield tag="650" ind1=" " ind2="7">
            <marc:subfield code="a">Orchestral music.</marc:subfield>
            <marc:subfield code="2">fast</marc:subfield>
            <marc:subfield code="0">(OCoLC)fst01047289</marc:subfield>
        </marc:datafield>
        <marc:datafield tag="650" ind1=" " ind2="7">
            <marc:subfield code="a">Vocal music.</marc:subfield>
            <marc:subfield code="2">fast</marc:subfield>
            <marc:subfield code="0">(OCoLC)fst01168379</marc:subfield>
        </marc:datafield>
        <marc:datafield tag="655" ind1=" " ind2="7">
            <marc:subfield code="a">Art music.</marc:subfield>
            <marc:subfield code="2">lcgft</marc:subfield>
        </marc:datafield>
        <marc:datafield tag="655" ind1=" " ind2="7">
            <marc:subfield code="a">Live sound recordings.</marc:subfield>
            <marc:subfield code="2">lcgft</marc:subfield>
        </marc:datafield>
        <marc:datafield tag="655" ind1=" " ind2="7">
            <marc:subfield code="a">Filmed performances.</marc:subfield>
            <marc:subfield code="2">lcgft</marc:subfield>
        </marc:datafield>
        <marc:datafield tag="655" ind1=" " ind2="7">
            <marc:subfield code="a">Documentary films.</marc:subfield>
            <marc:subfield code="2">lcgft</marc:subfield>
        </marc:datafield>
    </marc:record>