
    <marc:record>
        <marc:leader>05129cjm a2201141 a 4500</marc:leader>
        <marc:controlfield tag="001">268925851</marc:controlfield>
        <marc:controlfield tag="008">080729s2007    vtuconn  fh       n zxx  </marc:controlfield>
        <marc:controlfield tag="005">20230228072734.3</marc:controlfield>
        <marc:controlfield tag="007">sd fsngnnzmned</marc:controlfield>
        <marc:datafield tag="010" ind1=" " ind2=" ">
            <marc:subfield code="a">  2008642416</marc:subfield>
        </marc:datafield>
        <marc:datafield tag="040" ind1=" " ind2=" ">
            <marc:subfield code="a">DLC</marc:subfield>
            <marc:subfield code="b">eng</marc:subfield>
            <marc:subfield code="c">DLC</marc:subfield>
            <marc:subfield code="d">LML</marc:subfield>
            <marc:subfield code="d">KLM</marc:subfield>
            <marc:subfield code="d">VP@</marc:subfield>
            <marc:subfield code="d">NBU</marc:subfield>
            <marc:subfield code="d">NUI</marc:subfield>
            <marc:subfield code="d">LTSCA</marc:subfield>
            <marc:subfield code="d">IOG</marc:subfield>
            <marc:subfield code="d">KSU</marc:subfield>
            <marc:subfield code="d">TJC</marc:subfield>
            <marc:subfield code="d">OCLCF</marc:subfield>
            <marc:subfield code="d">CUS</marc:subfield>
            <marc:subfield code="d">OIP</marc:subfield>
            <marc:subfield code="d">INU</marc:subfield>
            <marc:subfield code="d">WAU</marc:subfield>
            <marc:subfield code="d">TTU</marc:subfield>
            <marc:subfield code="d">ZR1</marc:subfield>
            <marc:subfield code="d">OCLCO</marc:subfield>
            <marc:subfield code="d">OCL</marc:subfield>
            <marc:subfield code="d">FUG</marc:subfield>
            <marc:subfield code="d">IOW</marc:subfield>
            <marc:subfield code="d">OCLCQ</marc:subfield>
            <marc:subfield code="d">MNG</marc:subfield>
            <marc:subfield code="d">OCLCQ</marc:subfield>
            <marc:subfield code="d">MNG</marc:subfield>
            <marc:subfield code="d">NJR</marc:subfield>
            <marc:subfield code="d">OCL</marc:subfield>
            <marc:subfield code="d">MFM</marc:subfield>
            <marc:subfield code="d">OCLCO</marc:subfield>
            <marc:subfield code="d">UAA</marc:subfield>
            <marc:subfield code="d">OCLCQ</marc:subfield>
            <marc:subfield code="d">WAU</marc:subfield>
            <marc:subfield code="d">OCL</marc:subfield>
            <marc:subfield code="d">TJCBL</marc:subfield>
            <marc:subfield code="d">IL4J6</marc:subfield>
            <marc:subfield code="d">OCLCO</marc:subfield>
            <marc:subfield code="d">OCLCQ</marc:subfield>
            <marc:subfield code="d">OCLCO</marc:subfield>
            <marc:subfield code="d">COM</marc:subfield>
            <marc:subfield code="d">OCLCO</marc:subfield>
            <marc:subfield code="d">WYU</marc:subfield>
            <marc:subfield code="d">OCL</marc:subfield>
        </marc:datafield>
        <marc:datafield tag="019" ind1=" " ind2=" ">
            <marc:subfield code="a">837660271</marc:subfield>
            <marc:subfield code="a">987051309</marc:subfield>
            <marc:subfield code="a">987672196</marc:subfield>
            <marc:subfield code="a">988453307</marc:subfield>
            <marc:subfield code="a">1029668930</marc:subfield>
            <marc:subfield code="a">1032034073</marc:subfield>
            <marc:subfield code="a">1153417372</marc:subfield>
            <marc:subfield code="a">1223278565</marc:subfield>
        </marc:datafield>
        <marc:datafield tag="024" ind1="1" ind2=" ">
            <marc:subfield code="a">645631010426</marc:subfield>
        </marc:datafield>
        <marc:datafield tag="028" ind1="0" ind2="2">
            <marc:subfield code="a">CD 0104</marc:subfield>
            <marc:subfield code="b">Equinox Music</marc:subfield>
        </marc:datafield>
        <marc:datafield tag="033" ind1="0" ind2=" ">
            <marc:subfield code="a">20030513</marc:subfield>
            <marc:subfield code="b">6524</marc:subfield>
            <marc:subfield code="c">K7</marc:subfield>
        </marc:datafield>
        <marc:datafield tag="033" ind1="0" ind2=" ">
            <marc:subfield code="a">20030619</marc:subfield>
            <marc:subfield code="b">6514</marc:subfield>
            <marc:subfield code="c">O3</marc:subfield>
        </marc:datafield>
        <marc:datafield tag="033" ind1="1" ind2=" ">
            <marc:subfield code="a">20051014</marc:subfield>
            <marc:subfield code="a">20051015</marc:subfield>
            <marc:subfield code="b">6514</marc:subfield>
            <marc:subfield code="c">O3</marc:subfield>
        </marc:datafield>
        <marc:datafield tag="033" ind1="0" ind2=" ">
            <marc:subfield code="a">20070428</marc:subfield>
            <marc:subfield code="b">6514</marc:subfield>
            <marc:subfield code="c">O3</marc:subfield>
        </marc:datafield>
        <marc:datafield tag="041" ind1="0" ind2=" ">
            <marc:subfield code="g">eng</marc:subfield>
        </marc:datafield>
        <marc:datafield tag="045" ind1="2" ind2=" ">
            <marc:subfield code="b">d1965</marc:subfield>
            <marc:subfield code="b">d2007</marc:subfield>
        </marc:datafield>
        <marc:datafield tag="048" ind1=" " ind2=" ">
            <marc:subfield code="a">oa</marc:subfield>
        </marc:datafield>
        <marc:datafield tag="048" ind1=" " ind2=" ">
            <marc:subfield code="a">sa02</marc:subfield>
            <marc:subfield code="a">sb01</marc:subfield>
            <marc:subfield code="a">sc01</marc:subfield>
        </marc:datafield>
        <marc:datafield tag="048" ind1=" " ind2=" ">
            <marc:subfield code="b">ka01</marc:subfield>
            <marc:subfield code="a">ob</marc:subfield>
        </marc:datafield>
        <marc:datafield tag="082" ind1="0" ind2="4">
            <marc:subfield code="a">784.2</marc:subfield>
            <marc:subfield code="b">H653</marc:subfield>
        </marc:datafield>
        <marc:datafield tag="090" ind1=" " ind2=" ">
            <marc:subfield code="a">M1045.H67</marc:subfield>
            <marc:subfield code="b">M68 2007</marc:subfield>
        </marc:datafield>
        <marc:datafield tag="100" ind1="1" ind2=" ">
            <marc:subfield code="a">Hobson, Bruce,</marc:subfield>
            <marc:subfield code="d">1943-</marc:subfield>
            <marc:subfield code="e">composer,</marc:subfield>
            <marc:subfield code="e">performer.</marc:subfield>
        </marc:datafield>
        <marc:datafield tag="240" ind1="1" ind2="0">
            <marc:subfield code="a">Instrumental music.</marc:subfield>
            <marc:subfield code="k">Selections</marc:subfield>
        </marc:datafield>
        <marc:datafield tag="245" ind1="1" ind2="0">
            <marc:subfield code="a">Mountain paths ;</marc:subfield>
            <marc:subfield code="b">String quartet ; Contrasts ; Morphopoiesis /</marc:subfield>
            <marc:subfield code="c">Bruce Hobson.</marc:subfield>
        </marc:datafield>
        <marc:datafield tag="264" ind1=" " ind2="1">
            <marc:subfield code="a">Manchester Center, VT :</marc:subfield>
            <marc:subfield code="b">Equinox Music,</marc:subfield>
            <marc:subfield code="c">2007.</marc:subfield>
        </marc:datafield>
        <marc:datafield tag="300" ind1=" " ind2=" ">
            <marc:subfield code="a">1 audio disc (70 min., 17 sec.) :</marc:subfield>
            <marc:subfield code="b">digital, stereo ;</marc:subfield>
            <marc:subfield code="c">4 3/4 in.</marc:subfield>
        </marc:datafield>
        <marc:datafield tag="306" ind1=" " ind2=" ">
            <marc:subfield code="a">001553</marc:subfield>
            <marc:subfield code="a">002242</marc:subfield>
            <marc:subfield code="a">001939</marc:subfield>
            <marc:subfield code="a">001203</marc:subfield>
        </marc:datafield>
        <marc:datafield tag="336" ind1=" " ind2=" ">
            <marc:subfield code="a">performed music</marc:subfield>
            <marc:subfield code="b">prm</marc:subfield>
            <marc:subfield code="2">rdacontent</marc:subfield>
        </marc:datafield>
        <marc:datafield tag="337" ind1=" " ind2=" ">
            <marc:subfield code="a">audio</marc:subfield>
            <marc:subfield code="b">s</marc:subfield>
            <marc:subfield code="2">rdamedia</marc:subfield>
        </marc:datafield>
        <marc:datafield tag="338" ind1=" " ind2=" ">
            <marc:subfield code="a">audio disc</marc:subfield>
            <marc:subfield code="b">sd</marc:subfield>
            <marc:subfield code="2">rdacarrier</marc:subfield>
        </marc:datafield>
        <marc:datafield tag="340" ind1=" " ind2=" ">
            <marc:subfield code="b">4 3/4 in.</marc:subfield>
        </marc:datafield>
        <marc:datafield tag="344" ind1=" " ind2=" ">
            <marc:subfield code="c">1.4 m/s</marc:subfield>
        </marc:datafield>
        <marc:datafield tag="344" ind1=" " ind2=" ">
            <marc:subfield code="a">digital</marc:subfield>
            <marc:subfield code="2">rdatr</marc:subfield>
        </marc:datafield>
        <marc:datafield tag="344" ind1=" " ind2=" ">
            <marc:subfield code="b">optical</marc:subfield>
            <marc:subfield code="2">rdarm</marc:subfield>
        </marc:datafield>
        <marc:datafield tag="344" ind1=" " ind2=" ">
            <marc:subfield code="g">stereo</marc:subfield>
            <marc:subfield code="2">rdacpc</marc:subfield>
        </marc:datafield>
        <marc:datafield tag="347" ind1=" " ind2=" ">
            <marc:subfield code="a">audio file</marc:subfield>
            <marc:subfield code="2">rdaft</marc:subfield>
        </marc:datafield>
        <marc:datafield tag="347" ind1=" " ind2=" ">
            <marc:subfield code="b">CD audio</marc:subfield>
        </marc:datafield>
        <marc:datafield tag="382" ind1="0" ind2="1">
            <marc:subfield code="3">Mountain paths ; Morphopoiesis</marc:subfield>
            <marc:subfield code="a">orchestra</marc:subfield>
            <marc:subfield code="e">1</marc:subfield>
            <marc:subfield code="t">1</marc:subfield>
            <marc:subfield code="2">lcmpt</marc:subfield>
        </marc:datafield>
        <marc:datafield tag="382" ind1="0" ind2="1">
            <marc:subfield code="3">String quartet</marc:subfield>
            <marc:subfield code="a">violin</marc:subfield>
            <marc:subfield code="n">2</marc:subfield>
            <marc:subfield code="a">viola</marc:subfield>
            <marc:subfield code="n">1</marc:subfield>
            <marc:subfield code="a">cello</marc:subfield>
            <marc:subfield code="n">1</marc:subfield>
            <marc:subfield code="s">4</marc:subfield>
            <marc:subfield code="2">lcmpt</marc:subfield>
        </marc:datafield>
        <marc:datafield tag="382" ind1="0" ind2="1">
            <marc:subfield code="3">Contrasts</marc:subfield>
            <marc:subfield code="b">piano</marc:subfield>
            <marc:subfield code="n">1</marc:subfield>
            <marc:subfield code="a">orchestra</marc:subfield>
            <marc:subfield code="e">1</marc:subfield>
            <marc:subfield code="r">1</marc:subfield>
            <marc:subfield code="t">1</marc:subfield>
            <marc:subfield code="2">lcmpt</marc:subfield>
        </marc:datafield>
        <marc:datafield tag="386" ind1=" " ind2=" ">
            <marc:subfield code="i">Composer:</marc:subfield>
            <marc:subfield code="a">Americans</marc:subfield>
            <marc:subfield code="a">Men</marc:subfield>
            <marc:subfield code="2">lcdgt</marc:subfield>
        </marc:datafield>
        <marc:datafield tag="500" ind1=" " ind2=" ">
            <marc:subfield code="a">The 1st and 4th works for orchestra; the 3rd work is a piano concerto.</marc:subfield>
        </marc:datafield>
        <marc:datafield tag="511" ind1="0" ind2=" ">
            <marc:subfield code="a">Lucie Kaucká, piano (3rd work) ; Gamavilla String Quartet (2nd work) ; Capella Cracoviensis Orchestra (1st work) ; Moravian Philharmonic Chamber Orchestra (4th work) ; Joseph Firszt (1st work), Petr Šumník (3rd work), Toshiyuki Shimada (4th work), conductors.</marc:subfield>
        </marc:datafield>
        <marc:datafield tag="518" ind1=" " ind2=" ">
            <marc:subfield code="a">The 1st work recorded May 13, 2003, Kracow Philharmonic Hall, Kracow, Poland; the 2nd-4th works recorded at Reduta Hall, Olomouc, Czech Republic, June 19, 2003 (4th work), Oct. 14-15, 2005 (2nd work), Apr. 28, 2007 (3rd work).</marc:subfield>
        </marc:datafield>
        <marc:datafield tag="500" ind1=" " ind2=" ">
            <marc:subfield code="a">Recordable compact disc.</marc:subfield>
        </marc:datafield>
        <marc:datafield tag="500" ind1=" " ind2=" ">
            <marc:subfield code="a">Title from container.</marc:subfield>
        </marc:datafield>
        <marc:datafield tag="500" ind1=" " ind2=" ">
            <marc:subfield code="a">Program notes on the music and performers inserted in container (16 pages : color illustrations).</marc:subfield>
        </marc:datafield>
        <marc:datafield tag="505" ind1="0" ind2="0">
            <marc:subfield code="t">Mountain paths (2001) (15:53) --</marc:subfield>
            <marc:subfield code="t">String quartet (2004) (22:42) --</marc:subfield>
            <marc:subfield code="t">Contrasts (1965, revised 2007) (19:39) --</marc:subfield>
            <marc:subfield code="t">Morphopoiesis (1999) (12:03).</marc:subfield>
        </marc:datafield>
        <marc:datafield tag="650" ind1=" " ind2="0">
            <marc:subfield code="a">Orchestral music.</marc:subfield>
        </marc:datafield>
        <marc:datafield tag="650" ind1=" " ind2="0">
            <marc:subfield code="a">String quartets.</marc:subfield>
        </marc:datafield>
        <marc:datafield tag="650" ind1=" " ind2="0">
            <marc:subfield code="a">Concertos (Piano)</marc:subfield>
        </marc:datafield>
        <marc:datafield tag="650" ind1=" " ind2="6">
            <marc:subfield code="a">Orchestre, Musique d'.</marc:subfield>
            <marc:subfield code="0">(CaQQLa)201-0005783</marc:subfield>
        </marc:datafield>
        <marc:datafield tag="650" ind1=" " ind2="6">
            <marc:subfield code="a">Quatuors à cordes.</marc:subfield>
            <marc:subfield code="0">(CaQQLa)201-0008257</marc:subfield>
        </marc:datafield>
        <marc:datafield tag="650" ind1=" " ind2="6">
            <marc:subfield code="a">Concertos (Piano)</marc:subfield>
            <marc:subfield code="0">(CaQQLa)201-0037781</marc:subfield>
        </marc:datafield>
        <marc:datafield tag="650" ind1=" " ind2="7">
            <marc:subfield code="a">Concertos (Piano)</marc:subfield>
            <marc:subfield code="2">fast</marc:subfield>
            <marc:subfield code="0">(OCoLC)fst00873657</marc:subfield>
        </marc:datafield>
        <marc:datafield tag="650" ind1=" " ind2="7">
            <marc:subfield code="a">Orchestral music.</marc:subfield>
            <marc:subfield code="2">fast</marc:subfield>
            <marc:subfield code="0">(OCoLC)fst01047289</marc:subfield>
        </marc:datafield>
        <marc:datafield tag="650" ind1=" " ind2="7">
            <marc:subfield code="a">String quartets.</marc:subfield>
            <marc:subfield code="2">fast</marc:subfield>
            <marc:subfield code="0">(OCoLC)fst01135315</marc:subfield>
        </marc:datafield>
        <marc:datafield tag="650" ind1=" " ind2="7">
            <marc:subfield code="a">Orchestral music.</marc:subfield>
            <marc:subfield code="2">nli</marc:subfield>
        </marc:datafield>
        <marc:datafield tag="650" ind1=" " ind2="7">
            <marc:subfield code="a">String quartets.</marc:subfield>
            <marc:subfield code="2">nli</marc:subfield>
        </marc:datafield>
        <marc:datafield tag="650" ind1=" " ind2="7">
            <marc:subfield code="a">Concertos (Piano)</marc:subfield>
            <marc:subfield code="2">nli</marc:subfield>
        </marc:datafield>
        <marc:datafield tag="655" ind1=" " ind2="7">
            <marc:subfield code="a">String quartets.</marc:subfield>
            <marc:subfield code="2">fast</marc:subfield>
            <marc:subfield code="0">(OCoLC)fst01726501</marc:subfield>
        </marc:datafield>
        <marc:datafield tag="655" ind1=" " ind2="7">
            <marc:subfield code="a">Orchestral music.</marc:subfield>
            <marc:subfield code="2">fast</marc:subfield>
            <marc:subfield code="0">(OCoLC)fst01726690</marc:subfield>
        </marc:datafield>
        <marc:datafield tag="655" ind1=" " ind2="0">
            <marc:subfield code="a">Orchestral music.</marc:subfield>
        </marc:datafield>
        <marc:datafield tag="655" ind1=" " ind2="0">
            <marc:subfield code="a">String quartets.</marc:subfield>
        </marc:datafield>
        <marc:datafield tag="655" ind1=" " ind2="7">
            <marc:subfield code="a">sound recordings.</marc:subfield>
            <marc:subfield code="2">aat</marc:subfield>
            <marc:subfield code="0">(CStmoGRI)aatgf300028633</marc:subfield>
        </marc:datafield>
        <marc:datafield tag="655" ind1=" " ind2="7">
            <marc:subfield code="a">Sound recordings.</marc:subfield>
            <marc:subfield code="2">fast</marc:subfield>
            <marc:subfield code="0">(OCoLC)fst01411639</marc:subfield>
        </marc:datafield>
        <marc:datafield tag="655" ind1=" " ind2="7">
            <marc:subfield code="a">Concertos.</marc:subfield>
            <marc:subfield code="2">fast</marc:subfield>
            <marc:subfield code="0">(OCoLC)fst01726450</marc:subfield>
        </marc:datafield>
        <marc:datafield tag="655" ind1=" " ind2="7">
            <marc:subfield code="a">Chamber music.</marc:subfield>
            <marc:subfield code="2">fast</marc:subfield>
            <marc:subfield code="0">(OCoLC)fst01726551</marc:subfield>
        </marc:datafield>
        <marc:datafield tag="655" ind1=" " ind2="7">
            <marc:subfield code="a">Art music.</marc:subfield>
            <marc:subfield code="2">fast</marc:subfield>
            <marc:subfield code="0">(OCoLC)fst01920007</marc:subfield>
        </marc:datafield>
        <marc:datafield tag="655" ind1=" " ind2="7">
            <marc:subfield code="a">Art music.</marc:subfield>
            <marc:subfield code="2">lcgft</marc:subfield>
        </marc:datafield>
        <marc:datafield tag="655" ind1=" " ind2="7">
            <marc:subfield code="a">Chamber music.</marc:subfield>
            <marc:subfield code="2">lcgft</marc:subfield>
        </marc:datafield>
        <marc:datafield tag="655" ind1=" " ind2="7">
            <marc:subfield code="a">Concertos.</marc:subfield>
            <marc:subfield code="2">lcgft</marc:subfield>
        </marc:datafield>
        <marc:datafield tag="655" ind1=" " ind2="7">
            <marc:subfield code="a">Sound recordings.</marc:subfield>
            <marc:subfield code="2">lcgft</marc:subfield>
        </marc:datafield>
        <marc:datafield tag="655" ind1=" " ind2="7">
            <marc:subfield code="a">Musique savante.</marc:subfield>
            <marc:subfield code="2">rvmgf</marc:subfield>
            <marc:subfield code="0">(CaQQLa)RVMGF-000000692</marc:subfield>
        </marc:datafield>
        <marc:datafield tag="655" ind1=" " ind2="7">
            <marc:subfield code="a">Musique de chambre.</marc:subfield>
            <marc:subfield code="2">rvmgf</marc:subfield>
            <marc:subfield code="0">(CaQQLa)RVMGF-000000719</marc:subfield>
        </marc:datafield>
        <marc:datafield tag="655" ind1=" " ind2="7">
            <marc:subfield code="a">Concertos.</marc:subfield>
            <marc:subfield code="2">rvmgf</marc:subfield>
            <marc:subfield code="0">(CaQQLa)RVMGF-000000723</marc:subfield>
        </marc:datafield>
        <marc:datafield tag="655" ind1=" " ind2="7">
            <marc:subfield code="a">Enregistrements sonores.</marc:subfield>
            <marc:subfield code="2">rvmgf</marc:subfield>
            <marc:subfield code="0">(CaQQLa)RVMGF-000000201</marc:subfield>
        </marc:datafield>
        <marc:datafield tag="700" ind1="1" ind2=" ">
            <marc:subfield code="a">Kaucká, Lucie,</marc:subfield>
            <marc:subfield code="e">performer.</marc:subfield>
        </marc:datafield>
        <marc:datafield tag="700" ind1="1" ind2=" ">
            <marc:subfield code="a">Firszt, Joseph,</marc:subfield>
            <marc:subfield code="e">conductor.</marc:subfield>
        </marc:datafield>
        <marc:datafield tag="700" ind1="1" ind2=" ">
            <marc:subfield code="a">Šumník, Petr,</marc:subfield>
            <marc:subfield code="e">conductor.</marc:subfield>
        </marc:datafield>
        <marc:datafield tag="700" ind1="1" ind2=" ">
            <marc:subfield code="a">Shimada, Toshiyuki,</marc:subfield>
            <marc:subfield code="d">1951-</marc:subfield>
            <marc:subfield code="e">conductor.</marc:subfield>
        </marc:datafield>
        <marc:datafield tag="700" ind1="1" ind2="2">
            <marc:subfield code="a">Hobson, Bruce,</marc:subfield>
            <marc:subfield code="d">1943-</marc:subfield>
            <marc:subfield code="t">Mountain paths.</marc:subfield>
        </marc:datafield>
        <marc:datafield tag="700" ind1="1" ind2="2">
            <marc:subfield code="a">Hobson, Bruce,</marc:subfield>
            <marc:subfield code="d">1943-</marc:subfield>
            <marc:subfield code="t">Quartet,</marc:subfield>
            <marc:subfield code="m">violins (2), viola, cello.</marc:subfield>
        </marc:datafield>
        <marc:datafield tag="700" ind1="1" ind2="2">
            <marc:subfield code="a">Hobson, Bruce,</marc:subfield>
            <marc:subfield code="d">1943-</marc:subfield>
            <marc:subfield code="t">Contrasts.</marc:subfield>
        </marc:datafield>
        <marc:datafield tag="700" ind1="1" ind2="2">
            <marc:subfield code="a">Hobson, Bruce,</marc:subfield>
            <marc:subfield code="d">1943-</marc:subfield>
            <marc:subfield code="t">Morphopoiesis.</marc:subfield>
        </marc:datafield>
        <marc:datafield tag="710" ind1="2" ind2=" ">
            <marc:subfield code="a">Gamavilla Quartet,</marc:subfield>
            <marc:subfield code="e">performer.</marc:subfield>
        </marc:datafield>
        <marc:datafield tag="710" ind1="2" ind2=" ">
            <marc:subfield code="a">Capella Cracoviensis,</marc:subfield>
            <marc:subfield code="e">performer.</marc:subfield>
        </marc:datafield>
        <marc:datafield tag="710" ind1="2" ind2=" ">
            <marc:subfield code="a">Moravská filharmonie,</marc:subfield>
            <marc:subfield code="e">performer.</marc:subfield>
        </marc:datafield>
        <marc:datafield tag="029" ind1="1" ind2=" ">
            <marc:subfield code="a">AU@</marc:subfield>
            <marc:subfield code="b">000043577242</marc:subfield>
        </marc:datafield>
        <marc:datafield tag="029" ind1="1" ind2=" ">
            <marc:subfield code="a">CHDSB</marc:subfield>
            <marc:subfield code="b">006121229</marc:subfield>
        </marc:datafield>
        <marc:datafield tag="029" ind1="1" ind2=" ">
            <marc:subfield code="a">CHVBK</marc:subfield>
            <marc:subfield code="b">122499115</marc:subfield>
        </marc:datafield>
        <marc:datafield tag="029" ind1="1" ind2=" ">
            <marc:subfield code="a">NLNZL</marc:subfield>
            <marc:subfield code="b">9915990203502836</marc:subfield>
        </marc:datafield>
        <marc:datafield tag="029" ind1="1" ind2=" ">
            <marc:subfield code="a">NZ1</marc:subfield>
            <marc:subfield code="b">14734688</marc:subfield>
        </marc:datafield>
        <marc:datafield tag="029" ind1="1" ind2=" ">
            <marc:subfield code="a">NZ1</marc:subfield>
            <marc:subfield code="b">1599020</marc:subfield>
        </marc:datafield>
    </marc:record>